@misc{ jules:test,
	author = {CÃ©dric Jules},
	title = {Accurate point in triangle test},
	howpublished = "\url{http://totologic.blogspot.com/2014/01/accurate-point-in-triangle-test.html}",
	note = "[Acesso em: 23-Agosto-2018]"
}

@misc{ elin:triangle,
	author = {Elin, Kisielewicz, et al.},
	title = {How to determine if a point is in a 2D triangle?},
	howpublished = "\url{https://stackoverflow.com/questions/2049582/how-to-determine-if-a-point-is-in-a-2d-triangle}",
	note = "[Acesso em: 23-Agosto-2018]"
}

@misc{ prosser:orientation,
	author = {Patrick Prosser},
	title = {GEOMETRIC ALGORITHMS},
	howpublished = "\url{http://www.dcs.gla.ac.uk/~pat/52233/slides/Geometry1x1.pdf}",
	note = "[Acesso em: 23-Agosto-2018]"
}